@article{breiman2001random,
  title={Random forests},
  author={Breiman, Leo},
  journal={Machine learning},
  volume={45},
  number={1},
  pages={5--32},
  year={2001},
  publisher={Springer}
},

@Manual{Rpart,
    title = {rpart: Recursive Partitioning and Regression Trees},
    author = {Terry Therneau and Beth Atkinson and Brian Ripley},
    year = {2015},
    note = {R package version 4.1-9},
    url = {http://CRAN.R-project.org/package=rpart}
},

@article{liaw2002classification,
  title={Classification and regression by randomForest},
  author={Liaw, Andy and Wiener, Matthew},
  journal={R news},
  volume={2},
  number={3},
  pages={18--22},
  year={2002}
},

@article{cutler2007random,
  title={Random forests for classification in ecology},
  author={Cutler, D Richard and Edwards Jr, Thomas C and Beard, Karen H and Cutler, Adele and Hess, Kyle T and Gibson, Jacob and Lawler, Joshua J},
  journal={Ecology},
  volume={88},
  number={11},
  pages={2783--2792},
  year={2007},
  publisher={Eco Soc America}
},

@article{kuhn2008building,
  title={Building Predictive Models in R Using the caret Package},
  author={Kuhn, Max},
  journal={Journal of Statistical Software},
  volume={28},
  number={i05},
  year={2008},
  publisher={American Statistical Association}
},

@book{breiman1984classification,
  title={Classification and Regression Trees},
  author={Breiman, L. and Friedman, J. and Stone, C.J. and Olshen, R.A.},
  isbn={9780412048418},
  lccn={83019708},
  series={The Wadsworth and Brooks-Cole statistics-probability series},
  url={http://books.google.com/books?id=JwQx-WOmSyQC},
  year={1984},
  publisher={Taylor \& Francis}
}
